@article{ALWOSHEEL2018167,
	author = {Ahmad Alwosheel and Sander {van Cranenburgh} and Caspar G. Chorus},
	title = {{Is your dataset big enough? Sample size requirements when using artificial neural networks for discrete choice analysis}},
	journal = {Journal of Choice Modelling},
	volume = {28},
	pages = {167-182},
	year = {2018},
	issn = {1755-5345},
	url = {https://www.sciencedirect.com/science/article/pii/S1755534518300058},
}


@article{saito2015precision,
	title = {{The Precision-Recall Plot Is More Informative than the ROC Plot When Evaluating Binary Classifiers on Imbalanced Datasets}},
	author = {Saito, Takaya and Rehmsmeier, Marc},
	journal = {PloS one},
	volume = {10},
	number = {3},
	pages = {e0118432},
	year = {2015},
	publisher = {Public Library of Science San Francisco, CA USA},
	url = {https://journals.plos.org/plosone/article/file?id=10.1371/journal.pone.0118432&type=printable}
}


@misc{yeung2021unified,
	author = {Michael Yeung and Evis Sala and Carola-Bibiane Schönlieb and Leonardo Rundo},
	title = {{Unified Focal loss: Generalising Dice and cross entropy-based losses to handle class imbalanced medical image segmentation}}, 
	year = {2021},
	url = {https://arxiv.org/pdf/2102.04525}
}

@article{taha2015metrics,
	title = {{Metrics for evaluating 3D medical image segmentation: analysis, selection, and tool}},
	author = {Taha, Abdel Aziz and Hanbury, Allan},
	journal = {BMC medical imaging},
	volume = {15},
	number = {1},
	pages = {29},
	year = {2015},
	publisher = {Springer},
	url = {https://bmcmedimaging.biomedcentral.com/counter/pdf/10.1186/s12880-015-0068-x.pdf}	
}


@misc{enwiki:1297073156,
	author = {Wikipedia contributors},
	title = {{Dice-Sørensen coefficient --- {Wikipedia}{,} The Free Encyclopedia}},
	year = {2025},
	url = {https://en.wikipedia.org/w/index.php?title=Dice-S%C3%B8rensen_coefficient&oldid=1297073156},
	note = {[Online; accessed 21-July-2025]}
}


@article{Reinke_2024,
	title = {{Understanding metric-related pitfalls in image analysis validation}},
	volume = {21},
	ISSN = {1548-7105},
	url = {https://arxiv.org/pdf/2302.01790},
	number = {2},
	journal = {Nature Methods},
	publisher = {Springer Science and Business Media LLC},
	author = {Reinke, Annika and Tizabi, Minu D. and Baumgartner, Michael and Eisenmann, Matthias and Heckmann-Nötzel, Doreen and Kavur, A. Emre and Rädsch, Tim and Sudre, Carole H. and Acion, Laura and Antonelli, Michela and Arbel, Tal and Bakas, Spyridon and Benis, Arriel and Buettner, Florian and Cardoso, M. Jorge and Cheplygina, Veronika and Chen, Jianxu and Christodoulou, Evangelia and Cimini, Beth A. and Farahani, Keyvan and Ferrer, Luciana and Galdran, Adrian and van Ginneken, Bram and Glocker, Ben and Godau, Patrick and Hashimoto, Daniel A. and Hoffman, Michael M. and Huisman, Merel and Isensee, Fabian and Jannin, Pierre and Kahn, Charles E. and Kainmueller, Dagmar and Kainz, Bernhard and Karargyris, Alexandros and Kleesiek, Jens and Kofler, Florian and Kooi, Thijs and Kopp-Schneider, Annette and Kozubek, Michal and Kreshuk, Anna and Kurc, Tahsin and Landman, Bennett A. and Litjens, Geert and Madani, Amin and Maier-Hein, Klaus and Martel, Anne L. and Meijering, Erik and Menze, Bjoern and Moons, Karel G. M. and Müller, Henning and Nichyporuk, Brennan and Nickel, Felix and Petersen, Jens and Rafelski, Susanne M. and Rajpoot, Nasir and Reyes, Mauricio and Riegler, Michael A. and Rieke, Nicola and Saez-Rodriguez, Julio and Sánchez, Clara I. and Shetty, Shravya and Summers, Ronald M. and Taha, Abdel A. and Tiulpin, Aleksei and Tsaftaris, Sotirios A. and Van Calster, Ben and Varoquaux, Gaël and Yaniv, Ziv R. and Jäger, Paul F. and Maier-Hein, Lena},
	year = {2024},
	month = {02},
	pages = {182–194}
}


@inproceedings{NEURIPS2018_fface838,
	author = {Olson, Matthew and Wyner, Abraham J. and Berk, Richard},
	title = {{Modern Neural Networks Generalize on Small Data Sets}},
	year = {2018},
	publisher = {Curran Associates Inc.},
	address = {Red Hook, NY, USA},
	booktitle = {Proceedings of the 32nd International Conference on Neural Information Processing Systems},
	pages = {3623–3632},
	numpages = {10},
	location = {Montr\'{e}al, Canada},
	series = {NIPS'18},
	url = {https://papers.nips.cc/paper_files/paper/2018/file/fface8385abbf94b4593a0ed53a0c70f-Paper.pdf}
}


@misc{ronneberger2015,
	author = {Olaf Ronneberger and Philipp Fischer and Thomas Brox},
	title = {{U-Net: Convolutional Networks for Biomedical Image Segmentation}}, 
	year = {2015},
	url = {https://arxiv.org/pdf/1505.04597}, 
}


@inproceedings{zhou2018unet,
	author = {Zhou, Zongwei and Rahman Siddiquee, Md Mahfuzur and Tajbakhsh, Nima and Liang, Jianming},
	title = {{UNet++: A Nested U-Net Architecture for Medical Image Segmentation}},
	year = {2018},
	month = {07},
	url = {https://www.researchgate.net/publication/324574642_UNet_A_Nested_U-Net_Architecture_for_Medical_Image_Segmentation}
}


@misc{steiner2022trainvitdataaugmentation,
	author = {Andreas Steiner and Alexander Kolesnikov and Xiaohua Zhai and Ross Wightman and Jakob Uszkoreit and Lucas Beyer},
	title = {{How to train your ViT? Data, Augmentation, and Regularization in Vision Transformers}}, 
	year = {2022},
	url = {https://arxiv.org/pdf/2106.10270}
}


@misc{liu2022convnet2020s,
	title = {{A ConvNet for the 2020s}}, 
    author = {Zhuang Liu and Hanzi Mao and Chao-Yuan Wu and Christoph Feichtenhofer and Trevor Darrell and Saining Xie},
    year = {2022},
    url = {https://arxiv.org/pdf/2201.03545}, 
}

@misc{vasu2023fastvitfasthybridvision,
    title = {{FastViT: A Fast Hybrid Vision Transformer using Structural Reparameterization}}, 
    author = {Pavan Kumar Anasosalu Vasu and James Gabriel and Jeff Zhu and Oncel Tuzel and Anurag Ranjan},
    year = {2023},
    url = {https://arxiv.org/pdf/2303.14189}, 
}

@misc{li2022efficientformervisiontransformersmobilenet,
    title = {{EfficientFormer: Vision Transformers at MobileNet Speed}}, 
    author = {Yanyu Li and Geng Yuan and Yang Wen and Ju Hu and Georgios Evangelidis and Sergey Tulyakov and Yanzhi Wang and Jian n},
    year = {2022},
    url = {https://arxiv.org/pdf/2206.01191}, 
}


@misc{Kohavi_1995,
	author = {Ron Kohavi},
	title = {{A Study of Cross-Validation and Bootstrap for Accuracy Estimation and Model Selection}}, 
	month = {01},
	year = {1995},
	url = {https://www.ijcai.org/Proceedings/95-2/Papers/016.pdf} 	
}


@misc{Arlot_Celisse_2010,
	author = {Arlot, Sylvain and Celisse, Alain},
	title = {{A Survey of Cross Validation Procedures for Model Selection}},
	year = {2009},
	month = {07},
	volume = {4},
	journal = {Statistics Surveys},
	url = {https://www.researchgate.net/publication/45864474_A_Survey_of_Cross_Validation_Procedures_for_Model_Selection}
}

@misc{Kapoor_Narayanan_2023,
	author = {Kapoor, Sayash and Narayanan, Arvind},
	title = {{Leakage and the Reproducibility Crisis in ML-based Science}},
    year = {2022},
	month = {07},
    url = {https://arxiv.org/pdf/2207.07048}, 
}

@article{AlomarDataAugmentation,
	author = {Alomar, Khaled and Aysel, Halil Ibrahim and Cai, Xiaohao},
	title = {{Data Augmentation in Classification and Segmentation: A Survey and New Strategies}},
	journal = {Journal of Imaging},
	volume = {9},
	number = {2},
	pages = {46},
	year = {2023},
	publisher = {MDPI},
	url = {https://doi.org/10.3390/jimaging9020046} 
}


@article{azad2023lossfunctionserasemantic,
    author = {Reza Azad and Moein Heidary and Kadir Yilmaz and Michael Hüttemann and Sanaz Karimijafarbigloo and Yuli Wu and Anke Schmeink and Dorit Merhof},
    title = {{Loss Functions in the Era of Semantic Segmentation: A Survey and Outlook}}, 
    year = {2023},
    url = {https://arxiv.org/pdf/2312.05391}
}


@misc{beltagy2020longformerlongdocumenttransformer,
	author = {Iz Beltagy and Matthew E. Peters and Arman Cohan},
	title = {{Longformer: The Long-Document Transformer}}, 
	month = {04},
	year = {2020},
	url = {https://arxiv.org/pdf/2004.05150} 
}


@article{Bravin_2025,
	author = {Bravin, Riccardo and Pavan, Massimo and Shalby, Hazem and Pittorino, Fabrizio and Roveri, Manuel},
	title = {{EmbBERT-Q: Breaking Memory Barriers in Embedded NLP}},
	year = {2025},
	month = {02},
	url = {https://arxiv.org/pdf/2502.10001}
}


@article{Child_2019,
	author = {Child, Rewon and Gray, Scott and Radford, Alec and Sutskever, Ilya},
	title = {{Generating Long Sequences with Sparse Transformers}},
    year = {2019},
    url = {https://arxiv.org/pdf/1904.10509}
}


@misc{das2025vivitvariableinputvisiontransformer,
	author = {Badhan Kumar Das and Ajay Singh and Gengyan Zhao and Han Liu and Thomas J. Re and Dorin Comaniciu and Eli Gibson and Andreas Maier},
	title = {{VIViT: Variable-Input Vision Transformer Framework for 3D MR Image Segmentation}}, 
	year = {2025},
	url = {https://arxiv.org/pdf/2505.08693}
}


@article{Deepspeed_2020,
	author = {DeepSpeed},
	title = {{DeepSpeed Sparse Attention}},
	year = {2020},
	month = {09},
	url = {https://www.deepspeed.ai/2020/09/08/sparse-attention.html}
}


@inproceedings{Dosovitskiy2021ViT,
	author = {Dosovitskiy, Alexey and Beyer, Lucas and Kolesnikov, Alexander and Weissenborn, Dirk and Zhai, Xiaohua and Unterthiner, Thomas and Dehghani, Mostafa and Minderer, Matthias and Heigold, Georg and Gelly, Sylvain and Uszkoreit, Jakob and Houlsby, Neil},
	title = {{An Image is Worth 16x16 Words: Transformers for Image Recognition at Scale}},
	booktitle = {9th International Conference on Learning Representations (ICLR)},
	year = {2021},
	publisher = {OpenReview.net},
	url = {https://openreview.net/forum?id=YicbFdNTTy}
}


@inproceedings{du2024avitadaptingvisiontransformers,
	author = {Du, Siyi and Bayasi, Nourhan and Hamarneh, Ghassan and Garbi, Rafeef},
	title = {{AViT: Adapting Vision Transformers for Small Skin Lesion Segmentation Datasets}},
	editor = {Celebi, M. Emre and Salekin, Md Sirajus and Kim, Hyunwoo and Albarqouni, Shadi and Barata, Catarina and Halpern, Allan and Tschandl, Philipp and Combalia, Marc and Liu, Yuan and Zamzmi, Ghada and Levy, Joshua and Rangwala, Huzefa and Reinke, Annika and Wynn, Diya and Landman, Bennett and Jeong, Won-Ki and Shen, Yiqing and Deng, Zhongying and Bakas, Spyridon and Li, Xiaoxiao and Qin, Chen and Rieke, Nicola and Roth, Holger and Xu, Daguang},
	booktitle = {Medical Image Computing and Computer Assisted Intervention -- MICCAI 2023 Workshops},
	year = {2023},
	publisher = {Springer Nature Switzerland},
	address = {Cham},
	pages = {25--36},
	isbn = {978-3-031-47401-9},
	url = {https://link.springer.com/chapter/10.1007/978-3-031-47401-9_3}
}


@article{Fedorov_Slicer3D,
	author = {Andriy Fedorov and Reinhard Beichel and Jayashree Kalpathy-Cramer and Julien Finet and Jean-Christophe Fillion-Robin and Sonia Pujol and Christian Bauer and Dominique Jennings and Fiona Fennessy and Milan Sonka and John Buatti and Stephen Aylward and James V. Miller and Steve Pieper and Ron Kikinis},
	title = {{3D Slicer as an Image Computing Platform for the Quantitative Imaging Network}},
	journal = {Magnetic Resonance Imaging},
	volume = {30},
	number = {9},
	pages = {1323--1341},
	year = {2012},
	month = {11},
	url = {https://pmc.ncbi.nlm.nih.gov/articles/PMC3466397/pdf/nihms383480.pdf} 
}


@misc{fu2025slidingwindowattentiontraining,
    author = {Zichuan Fu and Wentao Song and Yejing Wang and Xian Wu and Yefeng Zheng and Yingying Zhang and Derong Xu and Xuetao Wei and Tong Xu and Xiangyu Zhao},
    title = {{Sliding Window Attention Training for Efficient Large Language Models}}, 
	year = {2025},
	month = {02},
	url = {https://arxiv.org/pdf/2502.18845}, 
}


@inproceedings{gan20243deffivitcaps3defficientvision,
	author = {Gan, Dongwei and Chang, Ming and Chen, Juan},
	editor = {Antonacopoulos, Apostolos and Chaudhuri, Subhasis and Chellappa, Rama and Liu, Cheng-Lin and Bhattacharya, Saumik and Pal, Umapada},
	title = {{3D-EffiViTCaps: 3D Efficient Vision Transformer with Capsule for Medical Image Segmentation}},
	booktitle = {Pattern Recognition},
	year = {2025},
	publisher = {Springer Nature Switzerland},
	address = {Cham},
	pages = {141--156},
	isbn = {978-3-031-78186-5},
	url = {https://arxiv.org/pdf/2403.16350}
}


@article{app142311365,
	author = {Guo, Bin and Cao, Ning and Zhang, Ruihao and Yang, Peng},
	title = {{SCENet: Small Kernel Convolution with Effective Receptive Field Network for Brain Tumor Segmentation}},
	journal = {Applied Sciences},
	volume = {14},
	year = {2024},
	number = {23},
	article-number = {11365},
	issn = {2076-3417},
	url = {https://www.mdpi.com/2076-3417/14/23/11365}
}


@article{HaoDataAugmentation,
	author = {Hao, Ruqian and Namdar, Khashayar and Liu, Lin and Haider, Masoom A and Khalvati, Farzad},
	title = {{A Comprehensive Study of Data Augmentation Strategies for Prostate Cancer Detection in Diffusion‑Weighted MRI Using Convolutional Neural Network}},
	journal = {Journal of Digital Imaging},
	volume = {34},
	pages = {862--876},
	year = {2021},
	publisher = {Springer},
	url = {https://pmc.ncbi.nlm.nih.gov/articles/PMC8455796/pdf/10278_2021_Article_478.pdf}
}


@inproceedings{Hatamizadeh2022UNETR,
	author = {Hatamizadeh, Ali and Tang, Yucheng and Nath, Vishwesh and Yang, Dong and Myronenko, Andriy and Landman, Bennett A. and Roth, Holger R. and Xu, Daguang},
	title = {{{UNETR}: Transformers for 3D Medical Image Segmentation}},
	booktitle = {Proc. IEEE Winter Conf. on Applications of Computer Vision (WACV)},
	year = {2022},
	pages = {1748--1758},
	publisher = {IEEE},
	url = {https://arxiv.org/pdf/2103.10504}
}


@article{Huang_2024,
	author = {Huang, Xiaojie and Zhu, Yating and Shao, Minghan and Xia, Ming and Shen, Xiaoting and Wang, Pingli and Wang, Xiaoyan},
	title = {{Dual‐branch Transformer for semi‐supervised medical image segmentation}},
	year = {2024},
	month = {08},
	volume = {25},
	journal = {Journal of Applied Clinical Medical Physics},
	url = {https://www.researchgate.net/publication/383057595_Dual-branch_Transformer_for_semi-supervised_medical_image_segmentation}
}


@misc{IMvision12,
	author = {IMvision12},
	title = {SegFormer-tf},
	year = {2024},
	publisher = {GitHub},
	journal = {GitHub repository},
	url = {https://github.com/IMvision12/SegFormer-tf.git},
	note = {commit \#c59819}
}


@misc{jollans2024visiontransformersincreaseefficiency,
	author = {Lee Jollans and Mariana Bustamante and Lilian Henriksson and Anders Persson and Tino Ebbers},
	title = {{Vision Transformers increase efficiency of 3D cardiac CT multi-label segmentation}}, 
	year = {2024},
	url = {https://arxiv.org/pdf/2310.09099}
}


@misc{ke2021masktransfinerhighqualityinstance,
	author = {Lei Ke and Martin Danelljan and Xia Li and Yu-Wing Tai and Chi-Keung Tang and Fisher Yu},
	title = {{Mask Transfiner for High-Quality Instance Segmentation}}, 
	year = {2021},
	url = {https://arxiv.org/pdf/2111.13673}
}


@misc{kirillov2019panopticfeaturepyramidnetworks,
	author = {Alexander Kirillov and Ross Girshick and Kaiming He and Piotr Dollár},
	title = {{Panoptic Feature Pyramid Networks}}, 
	year = {2019},
	url = {https://arxiv.org/pdf/1901.02446}
}


@article{contribution_martin_leipert,
	author = {{Leipert,  Martin and Herl,  Gabriel and Stebani,  Jannik and Zabler,  Simon and Maier,  Andreas}},
	title = {{Three-Step Volumetric Segmentation for Automated Shoe Fitting}},
	volume = {28},
	ISSN = {1435-4934},
	number = {3},
	journal = {e-Journal of Nondestructive Testing},
	publisher = {NDT.net GmbH & Co. KG},
	year = {2023},
	month = {03},
	url = {http://dx.doi.org/10.58286/27736}
}


@inproceedings{Li_2022,
	author = {Li, Gang and Xu, Di and Cheng, Xing and Si, Lingyu and Zheng, Changwen},
	booktitle = {2022 IEEE International Conference on Multimedia and Expo (ICME)}, 
	title = {{SimViT: Exploring a Simple Vision Transformer with Sliding Windows}}, 
	year = {2022},
	pages = {1--6},
	url = {https://arxiv.org/pdf/2112.13085}
}
  

@inproceedings{liu2023efficientvitmemoryefficientvision, 
	author = {Liu, Xinyu and Peng, Houwen and Zheng, Ningxin and Yang, Yuqing and Hu, Han and Yuan, Yixuan}, 
	title = {{EfficientViT: Memory Efficient Vision Transformer With Cascaded Group Attention}}, 
	booktitle = {Proceedings of the IEEE/CVF Conference on Computer Vision and Pattern Recognition (CVPR)}, 
	month = {06}, 
	year = {2023}, 
	pages = {14420-14430},
	url = {https://openaccess.thecvf.com/content/CVPR2023/papers/Liu_EfficientViT_Memory_Efficient_Vision_Transformer_With_Cascaded_Group_Attention_CVPR_2023_paper.pdf}
}


@misc{perera2024segformer3defficienttransformer3d,
	author = {Shehan Perera and Pouyan Navard and Alper Yilmaz},
	title = {{SegFormer3D: An Efficient Transformer for 3D Medical Image Segmentation}}, 
	booktitle = {Proc. IEEE/CVF Conf. on Computer Vision and Pattern Recognition (CVPR) Workshops},
	pages = {4981--4988},
	year = {2024},
	url = {https://arxiv.org/pdf/2404.10156}
}


@article{Shen_2020,
	author = {Shen, S. and Dong, Z. and Ye, J. and Ma, L. and Yao, Z. and Gholami, A. and Mahoney, M. W. and Keutzer, K.},
	title = {{Q-BERT: Hessian Based Ultra Low Precision Quantization of BERT}},
	journal = {Proceedings of the AAAI Conference on Artificial Intelligence},
	year = {2020},
	volume = {34(05)},
	pages = {8815--8821}, 
	url = {https://doi.org/10.1609/aaai.v34i05.6409}
}


@article{SutassananonDataAugmentation,
	author = {Sutassananon, Krittanat and Kusakunniran, Worapan and Orgun, Mehmet and Siriapisith, Thanongchai},
	title = {{3D augmentation for volumetric whole heart segmentation}},
	journal = {Scientific Reports},
	volume = {14},
	number = {1},
	pages = {21459},
	year = {2024},
	publisher = {Nature Publishing Group UK London},
	url = {https://doi.org/10.1038/s41598-024-72469-x}
}


@inproceedings{Tang2022SwinUNETR,
	author = {Tang, Yucheng and Yang, Dong and Li, Wenqi and Roth, Holger R. and Landman, Bennett and Xu, Daguang and Nath, Vishwesh and Hatamizadeh, Ali},
	title = {{Self-Supervised Pre-Training of Swin Transformers for 3D Medical Image Analysis}},
	booktitle = {Proc. IEEE/CVF Conf. on Computer Vision and Pattern Recognition (CVPR)},
	year = {2022},
	pages = {20730--20740},
	url = {https://openaccess.thecvf.com/content/CVPR2022/papers/Tang_Self-Supervised_Pre-Training_of_Swin_Transformers_for_3D_Medical_Image_Analysis_CVPR_2022_paper.pdf}
}


@misc{wu2024fewshotmedicalimagesegmentation,
    author = {Xiaoxiao Wu and Xiaowei Chen and Zhenguo Gao and Shulei Qu and Yuanyuan Qiu},
    title = {{Few-Shot Medical Image Segmentation with Large Kernel Attention}}, 
    year = {2024},
    url = {https://arxiv.org/pdf/2407.19148}
}


@inproceedings{xie2021segformersimpleefficientdesign,	
	author = {Xie, Enze and Wang, Wenhai and Yu, Zhiding and Anandkumar, Anima and Alvarez, Jose M. and Luo, Ping},
	title = {{SegFormer: Simple and Efficient Design for Semantic Segmentation with Transformers}},
	booktitle = {{Advances in Neural Information Processing Systems}},
	editor = {M. Ranzato and A. Beygelzimer and Y. Dauphin and P.S. Liang and J. Wortman Vaughan},
	pages = {12077--12090},
	publisher = {Curran Associates, Inc.},
	volume = {34},
	year = {2021},
	url = {https://proceedings.neurips.cc/paper_files/paper/2021/file/64f1f27bf1b4ec22924fd0acb550c235-Paper.pdf}
}


@inproceedings{yang2022temporallyefficientvisiontransformer, 
	author = {Yang, Shusheng and Wang, Xinggang and Li, Yu and Fang, Yuxin and Fang, Jiemin and Liu, Wenyu and Zhao, Xun and Shan, Ying}, 
	title = {{Temporally Efficient Vision Transformer for Video Instance Segmentation}}, 
	booktitle = {Proceedings of the IEEE/CVF Conference on Computer Vision and Pattern Recognition (CVPR)}, 
	month = {06}, 
	year = {2022}, 
	pages = {2885--2895},
	url = {https://openaccess.thecvf.com/content/CVPR2022/papers/Yang_Temporally_Efficient_Vision_Transformer_for_Video_Instance_Segmentation_CVPR_2022_paper.pdf}
}


@article{github_shvit,
	author = {ysj9909/SHViT},
	title = {{SHViT: Single-Head Vision Transformer with Memory Efficient Macro Design}},
	year = {2024},
	publisher = {GitHub},
	journal = {GitHub repository},
	url = {https://github.com/ysj9909/SHViT/blob/main/model/shvit.py},
	note = {commit \#6a729c}
}


@inproceedings{yun2024shvit, 
	author = {Yun, Seokju and Ro, Youngmin}, 
	title = {{SHViT: Single-Head Vision Transformer with Memory Efficient Macro Design}},
	booktitle = {Proceedings of the IEEE/CVF Conference on Computer Vision and Pattern Recognition (CVPR)}, 
	month = {06}, 
	year = {2024}, 
	pages = {5756--5767},
	url = {https://openaccess.thecvf.com/content/CVPR2024/papers/Yun_SHViT_Single-Head_Vision_Transformer_with_Memory_Efficient_Macro_Design_CVPR_2024_paper.pdf}
}


@misc{zhou2018semanticunderstandingscenesade20k,
	author = {Bolei Zhou and Hang Zhao and Xavier Puig and Tete Xiao and Sanja Fidler and Adela Barriuso and Antonio Torralba},
	title = {{Semantic Understanding of Scenes through the ADE20K Dataset}}, 
	year = {2018},
	url = {https://arxiv.org/pdf/1608.05442}
}


@misc{zhou2024imagesegmentationfoundationmodel,
	title = {{Image Segmentation in Foundation Model Era: A Survey}}, 
	author = {Tianfei Zhou and Wang Xia and Fei Zhang and Boyu Chang and Wenguan Wang and Ye Yuan and Ender Konukoglu and Daniel Cremers},
	year = {2024},
	url = {https://arxiv.org/pdf/2408.12957}
}


@misc{vaswani2023attentionneed,
	author = {Ashish Vaswani and Noam Shazeer and Niki Parmar and Jakob Uszkoreit and Llion Jones and Aidan N. Gomez and Lukasz Kaiser and Illia Polosukhin},
	title = {{Attention Is All You Need}}, 
	year = {2023},
	url = {https://arxiv.org/pdf/1706.03762}
}


@misc{deng2025sparseattentionapproximatesexact,
	author ={Yichuan Deng and Zhao Song and Jing Xiong and Chiwun Yang},
	title = {{How Sparse Attention Approximates Exact Attention? Your Attention is Naturally $n^C$-Sparse}}, 
	year = {2025},
	url = {https://arxiv.org/pdf/2404.02690}
}

@InProceedings{mangalam2023reversiblevisiontransformers, 
	author = {Mangalam, Karttikeya and Fan, Haoqi and Li, Yanghao and Wu, Chao-Yuan and Xiong, Bo and Feichtenhofer, Christoph and Malik, Jitendra}, 
	title = {{Reversible Vision Transformers}}, 
	booktitle = {Proceedings of the IEEE/CVF Conference on Computer Vision and Pattern Recognition (CVPR)}, 
	month = {06}, 
	year = {2022}, 
	pages = {10830-10840},
	url = {https://openaccess.thecvf.com/content/CVPR2022/papers/Mangalam_Reversible_Vision_Transformers_CVPR_2022_paper.pdf}
}

@InProceedings{caron2021emergingpropertiesselfsupervisedvision, 
	author = {Caron, Mathilde and Touvron, Hugo and Misra, Ishan and J\'egou, Herv\'e and Mairal, Julien and Bojanowski, Piotr and Joulin, Armand}, 
	title = {{Emerging Properties in Self-Supervised Vision Transformers}}, 
	booktitle = {Proceedings of the IEEE/CVF International Conference on Computer Vision (ICCV)}, 
	month = {10}, 
	year = {2021}, 
	pages = {9650-9660},
	url = {https://openaccess.thecvf.com/content/ICCV2021/papers/Caron_Emerging_Properties_in_Self-Supervised_Vision_Transformers_ICCV_2021_paper.pdf}
}

@InProceedings{He_2021,
	author = {He, Junjun and Ye, Jin and Li, Cheng and Song, Diping and Chen, Wanli and Wang, Shanshan and Gu, Lixu and Qiao, Yu}, 
	editor = {de Bruijne, Marleen and Cattin, Philippe C. and Cotin, St{\'e}phane and Padoy, Nicolas and Speidel, Stefanie and Zheng, Yefeng and Essert, Caroline},
	title = {{Group Shift Pointwise Convolution for Volumetric Medical Image Segmentation}},
	booktitle = {Medical Image Computing and Computer Assisted Intervention -- MICCAI 2021},
	year = {2021},
	publisher = {Springer International Publishing},
	address = {Cham},
	pages = {48--58},
	isbn = {978-3-030-87199-4},
	url = {https://rdcu.be/cyl3H}
}

@misc{Han2024,
	author = {Han, De-wei and Yin, Xiao-lei and Xu, Jian and Li, Kang and Li, Jun-jie and Wang, Lu and Ma, Zhao-yuan},
	title = {{Dual-scale shifted window attention network for medical image segmentation}},
	year = {2024},
	publisher = {Scientific Reports},
	article-number = {17719},
	volume = {14},
	issn = {2045--2322},
	url = {https://doi.org/10.1038/s41598-024-68587-1}
}

@misc{chen20233dtransunetadvancingmedical,
	author = {Jieneng Chen and Jieru Mei and Xianhang Li and Yongyi Lu and Qihang Yu and Qingyue Wei and Xiangde Luo and Yutong Xie and Ehsan Adeli and Yan Wang and Matthew Lungren and Lei Xing and Le Lu and Alan Yuille and Yuyin Zhou},
	title = {{3D TransUNet: Advancing Medical Image Segmentation through Vision Transformers}}, 
	year = {2023},
	url = {https://arxiv.org/pdf/2310.07781}
}


@misc{he2015deepresiduallearningimage,
	author={Kaiming He and Xiangyu Zhang and Shaoqing Ren and Jian Sun},
	title={{Deep Residual Learning for Image Recognition}},
	year={2015},
	url={https://arxiv.org/pdf/1512.03385}
}


@misc{simonyan2015deepconvolutionalnetworkslargescale,
	author={Karen Simonyan and Andrew Zisserman},
	title={{Very Deep Convolutional Networks for Large-Scale Image Recognition}},  
	year={2015},
	url={https://arxiv.org/pdf/1409.1556}
}


@inproceedings{chollet2017xception,	
	author={Chollet, Fran{\c{c}}ois},
	booktitle={2017 IEEE Conference on Computer Vision and Pattern Recognition (CVPR)},
	title={{Xception: Deep Learning with Depthwise Separable Convolutions}},
	year={2017},
	pages={1800-1807},
	url = {https://openaccess.thecvf.com/content_cvpr_2017/papers/Chollet_Xception_Deep_Learning_CVPR_2017_paper.pdf}
}
